2888 4754
681 292 899 360 -30—-

208 473 477 556 „rornprehensa“
496 473 578 557 (soil.
596 472 797 556 oornprensa)
814 473 839 536 si
856 471 1084 536 mutaverimus
1105 469 1137 534 in
1155 470 1383 550 ‚‚oompressa“

209 619 248 625 -—
283 600 375 661 qnam
399 601 509 647 rorem
531 581 626 645 etiam
650 582 733 660 apud
757 579 936 644 Palladium
959 578 1085 642 invenio
1112 617 1115 620 -
1141 616 1151 620 --
1177 581 1210 640 et
1231 577 1383 642 Vitruvio

206 688 388 752 similiorem
411 689 579 752 reddemus
596 686 811 750 Fm'entimrm
836 689 869 749 et
893 684 1088 765 praepositio
1114 684 1188 763 „irr‘
1206 683 1288 748 male
1306 703 1382 747 oon·

205 794 314 859 innota
338 814 408 859 eum
431 814 510 859 rore
528 793 815 874 eomprelremlendi
840 811 931 856 suum
954 791 1057 856 loeum
1081 791 1222 856 habebit.
1261 791 1384 854 Restat

206 905 312 965 tamen
341 901 458 980 aliquid
494 899 692 964 difficultatis
732 899 763 962 in
789 899 856 977 „si‘
886 898 1052 978 partieula,
1077 917 1170 978 quami
1209 897 1242 960 in
1270 899 1341 961 ood.
1368 917 1383 961 s

205 1007 353 1088 legimns
371 1010 515 1094 quamut
528 1007 733 1086 expediamus
749 1005 952 1069 olt'ensionem
966 1004 1083 1084 dupliri
1104 1004 1229 1068 ratione
1250 1002 1383 1068 efficere

205 1133 390 1195 possumus:
437 1118 492 1178 ant
520 1114 603 1177 emm
626 1113 833 1178 retinebimus
861 1102 939 1176 illud
968 1113 1035 1191 „sir
1059 1111 1189 1176 imlueta
1218 1111 1383 1176 levissima

206 1221 389 1285 coniectura
419 1221 612 1286 seribentes:
661 1240 721 1299 „ex
746 1220 899 1298 hisquae
928 1220 960 1282 in
994 1238 1089 1283 manu
1113 1237 1294 1298 eonrpressa
1319 1222 1381 1297 est,

205 1328 373 1392 stridorem
417 1328 443 1391 si
483 1326 609 1405 iecerit,
650 1327 769 1406 optima
805 1332 837 1390 et
861 1332 997 1408 purgata
1037 1326 1118 1390 erit*
1158 1328 1214 1389 ant
1252 1325 1381 1389 omnino

203 1423 387 1499 omittemus
410 1435 555 1498 ursoniam
592 1434 670 1512 ‚‚si‚“
695 1433 842 1498 arbitrati
878 1453 947 1497 eam
972 1452 1047 1497 (asu
1082 1432 1187 1511 aliquo
1226 1431 1259 1495 in
1294 1432 1382 1496 huno

204 1541 307 1604 loeum
330 1541 492 1621 delapsam
521 1560 601 1620 esse,
635 1544 669 1603 et
696 1539 772 1604 mim
796 1540 921 1618 quidem
945 1539 1046 1619 magis
1070 1541 1204 1619 probata
1233 1543 1283 1602 est
1305 1557 1379 1619 pos-

207 1647 307 1712 terior
334 1648 414 1712 haeo
441 1647 524 1711 ratio
553 1647 624 1712 ideo
653 1648 735 1726 quod
763 1647 883 1725 legitur
911 1647 994 1726 apud
1018 1646 1103 1711 Vitr.
1128 1653 1180 1724 ld,
1195 1652 1228 1710 4:
1259 1664 1299 1709 ex
1328 1646 1379 1710 his

205 1773 285 1834 quae
308 1755 341 1818 in
364 1773 458 1819 maim
482 1754 657 1818 eonttioata
685 1752 799 1818 feeerit
822 1753 991 1817 stridorem
1016 1752 1078 1815 erit
1101 1753 1231 1832 optima.

293 1861 476 1941 Sequuntur
510 1863 622 1926 rerba:
671 1879 771 1940 „quae
799 1865 905 1924 antem
941 1864 1064 1923 terrosa
1098 1859 1228 1938 laenas
1264 1860 1378 1939 quibus

204 1967 310 2032 verbis
327 1970 437 2032 deesse
462 1965 592 2028 ἀπόδοσιν
609 1968 747 2032 editores
771 1967 1010 2045 intellexerunt,
1036 1970 1074 2032 ob
1095 1985 1225 2046 eamque
1250 1985 1377 2031 eausam

205 2093 245 2138 ex
275 2075 359 2140 Vitr.
384 2082 469 2154 add
499 2075 689 2139 sententiam
720 2075 765 2138 ita
789 2077 828 2138 ad
858 2074 951 2138 finem
976 2076 1150 2154 perducere
1174 2075 1375 2154 studuerunt,

204 2185 240 2244 ut
263 2182 432 2246 adderent:
462 2200 542 2259 „non
565 2182 695 2247 habebit
716 2182 952 2262 asperitatern.“
969 2181 1032 2246 Sed
1048 2182 1116 2244 eod.
1134 2201 1148 2243 s
1165 2180 1239 2259 quid
1256 2181 1375 2246 habet?

205 2306 305 2366 „quae
334 2292 440 2352 autem
474 2292 598 2353 terrosa
633 2287 744 2368 fuerit,
776 2293 863 2352 muta
899 2288 991 2352 erit.“
1016 2306 1096 2366 quam
1124 2290 1223 2352 rerba
1245 2288 1374 2353 minime

204 2395 373 2460 tribuenda
397 2400 471 2459 sunt
494 2395 743 2476 interpolationi,
768 2395 885 2475 quippe
909 2395 963 2474 qui
986 2414 1076 2459 suum
1093 2394 1276 2459 Vitruvium
1300 2414 1372 2459 eon·

203 2501 346 2566 sulturus
370 2500 479 2566 fuerit.
526 2502 616 2566 Dioit
642 2502 742 2583 igitur
765 2502 964 2565 Faventinus
993 2501 1137 2565 inutilem
1160 2502 1313 2566 harenam
1340 2502 1374 2566 in

202 2627 298 2672 manu
322 2626 535 2689 compressam
558 2627 622 2673 non
650 2628 796 2689 crepare,
821 2628 893 2672 nam
917 2628 997 2688 quae
1021 2609 1140 2672 harena
1164 2612 1214 2672 est
1237 2613 1371 2688 terrosa,

203 2715 312 2778 eadem
337 2719 387 2778 est
410 2715 542 2793 inutilis
568 2715 599 2779 id
623 2717 705 2794 quod
730 2715 858 2780 uberius
881 2719 1002 2779 traetat
1025 2716 1109 2781 Vitr.
1134 2723 1185 2793 40,
1201 2724 1229 2783 3.

290 2821 468 2902 Excipiunt
496 2823 578 2886 hano
602 2822 794 2886 sententiam
817 2822 851 2885 in
878 2841 966 2903 vpg
989 2824 1100 2887 rerba:
1149 2825 1312 2901 „Eamque
1341 2823 1376 2887 in

202 2927 428 2992 vestimentum
445 2928 612 2993 candidum
640 2929 667 2992 si
689 2929 815 2992 miseris
839 2935 872 2993 et
895 2929 995 2992 effusa
1018 2929 1045 2992 si
1069 2929 1148 2992 nihil
1172 2930 1274 2993 sordis
1298 2931 1374 2994 reli-

202 3033 316 3112 querit,
352 3034 465 3099 idonea
500 3035 593 3100 erit“.
640 3036 780 3101 Verbum
816 3038 897 3114 quod
922 3040 971 3099 est
995 3039 1167 3115 ‚,ea1nque‘·'
1204 3038 1263 3100 hoo
1302 3036 1373 3101 looo

202 3139 280 3204 ferri
303 3142 366 3205 non
389 3145 510 3222 potest;
542 3143 674 3223 respicit
690 3143 773 3207 enim
797 3145 836 3206 ad
860 3162 994 3221 eaquae
1017 3145 1214 3223 praecedunt
1238 3144 1305 3208 soil.
1332 3146 1374 3209 ad

202 3247 354 3312 harenam
389 3255 558 3327 terrosum,
595 3253 628 3313 et
652 3269 702 3329 ea,
740 3250 864 3314 etiamsi
899 3251 931 3314 in
955 3251 1180 3315 uestimentum
1204 3252 1373 3316 eandidmn

200 3354 321 3432 mittas,
358 3355 472 3419 idonea
507 3361 653 3420 nonest.
701 3358 822 3421 Iterum
857 3359 1016 3422 saroemrit
1044 3359 1223 3421 sententiae
1251 3360 1320 3422 eod.
1347 3378 1371 3439 S,

200 3461 234 3524 in
257 3480 317 3540 quo
342 3462 496 3543 scriptum
516 3463 693 3529 rideamus:
743 3467 811 3546 „Ea
834 3485 957 3544 quoque
981 3484 1074 3545 (pram
1097 3466 1130 3529 in
1146 3466 1374 3532 vestimentum

202 3569 369 3632 eandidmn
403 3570 529 3634 miseris
564 3575 597 3634 et
621 3570 720 3635 etiusa
745 3572 772 3635 si
799 3570 878 3635 nimi
903 3573 1005 3636 sordis
1033 3573 1209 3652 reliquerit,
1256 3574 1373 3638 idonea

201 3675 292 3738 erit-⁶
344 3677 395 3739 De
419 3677 607 3758 integritate
631 3679 724 3742 huius
748 3680 810 3743 looi
833 3698 895 3743 non
931 3682 1026 3744 debet
1056 3680 1203 3759 dubitari,
1235 3700 1372 3759 namque

201 3782 358 3861 partioula
386 3782 450 3861 „si‘
478 3803 570 3862 quma
595 3785 625 3848 in
651 3787 740 3850 rodd.
765 3806 785 3850 r
799 3806 853 3867 pg
877 3792 987 3850 ‹oaua
1011 3788 1227 3851 testimonium
1251 3789 1371 3852 oodieis

200 3909 215 3951 s
239 3890 415 3969 reperimus
440 3891 594 3956 intrusam
619 3898 692 3956 ante
721 3894 882 3972 „inuersa
911 3904 953 3976 (v.
980 3895 1033 3977 24)
1058 3915 1128 3958 urea
1149 3896 1273 3974 quidem
1298 3914 1369 3959 sen·

199 3996 303 4059 tentia
326 3997 493 4062 tribuenda
523 4003 572 4062 est
600 4000 836 4079 interpolatori,
866 4002 928 4081 qui,
954 4010 1120 4081 postquam
1149 4005 1259 4067 rerba:
1310 4023 1370 4082 „ea

199 4121 321 4181 quoque
346 4106 458 4182 quam‘
487 4106 634 4170 abierunt
658 4107 690 4170 in
715 4112 897 4188 „earrrque“,
934 4109 1095 4191 eorrigere
1124 4111 1246 4173 studuit
1270 4111 1368 4175 orati·

199 4228 290 4274 onem
312 4210 434 4275 inserta
458 4232 495 4277 ea
518 4213 588 4293 ipsa
612 4214 779 4294 particula.

287 4316 503 4402 Adiungenda
529 4322 666 4386 suntad
690 4323 747 4387 has
772 4324 964 4406 ooruptelas
989 4346 1070 4408 quae
1094 4335 1169 4395 sunt
1192 4333 1367 4414 graviores
