2888 4754
658 305 878 364 ...22-

186 479 279 563 paulo
308 478 489 543 accuratius
512 480 670 560 agendum
694 482 753 543 est.
793 478 927 543 Silentio
945 479 1168 561 praetermitto
1185 498 1238 543 eos
1255 480 1352 558 locos,

186 596 263 668 qrros
299 607 339 651 ex
374 586 447 650 aliis
472 587 655 651 auctoribus
683 587 773 651 velut
796 587 954 665 Vitruvio,
983 587 1130 666 Veneno,
1160 588 1284 651 Isidoro
1319 588 1354 651 in

186 694 361 760 Faventini
378 694 548 775 epitomam
570 697 610 759 ab
627 693 857 775 interpolatore
875 695 1008 773 quodam
1033 695 1209 759 inculcatos
1233 695 1296 759 iam
1320 695 1353 759 in

175 801 391 866 'adnotatione
415 801 527 865 critica
550 801 727 882 designavi.

275 909 348 973 Has
373 908 456 972 enim
480 908 745 989 interpolationes
769 928 876 972 omnes
906 928 966 989 qua
990 914 1097 974 niente
1122 910 1281 974 addiderit
1304 910 1355 974 vir

187 1017 298 1080 doctus
335 1020 391 1079 aut
425 1017 686 1095 quemadmodum
723 1016 914 1097 irrepserint
951 1017 984 1081 in
1019 1021 1144 1081 textum
1178 1017 1354 1081 Ferentini

187 1112 390 1204 perspicuum
425 1128 484 1202 est,
520 1125 575 1188 sed
603 1123 740 1187 maxime
771 1124 920 1203 mirabar,
953 1143 1024 1188 cum
1052 1124 1085 1188 in
1116 1127 1183 1188 cod.
1213 1128 1353 1188 stotum

188 1234 286 1310 caput
308 1231 352 1308 X,
378 1232 460 1310 quod
484 1234 533 1295 est
557 1233 595 1295 de
619 1214 785 1295 lateribus
805 1231 968 1310 faciendis,
994 1232 1089 1313 plane
1114 1234 1289 1296 abhorrens
1314 1233 1353 1295 ab

188 1338 256 1401 cod.
280 1356 301 1401 u
313 1357 368 1418 pg
391 1337 544 1420 scripturn
560 1339 702 1403 viderem
725 1339 828 1402 itaut
851 1339 883 1402 in
908 1340 1170 1404 antecedentibus
1194 1338 1353 1420 proposui.

276 1447 384 1510 Primo
402 1450 508 1510 auteur
525 1448 637 1511 obtutu
660 1447 802 1510 uidemus
824 1465 894 1510 enm
917 1443 975 1530 (111
991 1448 1166 1528 composuit
1181 1448 1241 1511 hoc
1258 1449 1355 1527 caput

187 1573 306 1619 merum
331 1553 514 1620 Vitruvium
541 1552 686 1635 proferre
711 1552 763 1634 (ci,
789 1562 885 1632 3132
910 1573 956 1632 sq.
981 1557 1014 1617 et
1039 1563 1134 1633 3b,3·2
1166 1553 1228 1636 sq.)
1254 1555 1360 1619 itaut

182 1662 329 1727 ‘dubitari
352 1665 499 1741 nequeat,
530 1661 605 1741 quin
632 1662 713 1724 haec
737 1662 837 1725 rerba
860 1660 1073 1724 abiudicanda
1101 1661 1165 1725 11111
1189 1682 1208 1725 1
1232 1664 1358 1727 Faven-

188 1769 265 1848 tino,
291 1769 423 1849 (11111011
446 1772 512 1832 tam
536 1768 740 1850 negligenter
756 1786 886 1832 munere
903 1768 1123 1849 epitomatoris
1147 1767 1275 1833 functus
1300 1773 1358 1833 est.

189 1877 253 1942 Sed
277 1894 346 1940 cum
370 1877 564 1957 persuadere
594 1875 671 1939 mihi
695 1894 758 1939 11011
785 1894 919 1956 possem,
950 1875 1015 1938 ista
1043 1877 1143 1940 verba
1166 1877 1360 1942 Vitruviana-

191 1987 304 2047 notata
334 1983 368 2047 111
390 1983 535 2064 margine
567 1982 729 2063 expulisse
760 1986 861 2047 totum
892 1986 990 2064 eaput
1018 1983 1056 2046 de
1087 1983 1242 2047 lateribus
1266 1984 1359 2063 quale

192 2091 379 2154 condiderat
402 2089 611 2168 Faventinus,
637 2090 743 2154 acrius
767 2090 800 2154 in
828 2110 895 2154 rem
918 2091 1078 2170 inquirere
1103 2091 1202 2171 coepi,
1227 2093 1263 2153 ut
1287 2110 1359 2172 cog-

191 2216 365 2276 noscerem,
402 2197 476 2277 quid
511 2197 554 2261 sit
589 2199 794 2262 statuendum
830 2199 868 2261 de
904 2217 941 2262 eo
970 2197 1087 2278 capitis
1115 2199 1150 2262 X
1181 2200 1282 2277 textu,
1308 2198 1360 2278 qui

191 2309 340 2368 seruatur
364 2305 398 2368 111
420 2324 517 2386 vpg.
648 2313 649 2316 ’

279 2410 331 2475 Ac
354 2411 489 2493 primum
520 2411 645 2492 quidem
669 2412 697 2475 si
720 2411 911 2476 consulimus
935 2411 1125 2489 Palladium,
1152 2413 1360 2475 concedamus

190 2537 321 2582 necesse
339 2518 490 2583 estillum
507 2523 669 2582 auctorem
693 2519 786 2595 luntre
811 2502 975 2582 discedere
1000 2539 1019 2582 a
1042 2521 1151 2582 nostro
1168 2517 1360 2582 Faventino.

189 2627 309 2689 Eorum
333 2625 416 2689 enim
440 2628 617 2704 uerborum,
643 2644 724 2705 miae
753 2625 904 2706 leguntur
928 2627 1012 2706 apml
1036 2625 1120 2689 Pall.
1137 2626 1195 2703 Vl,
1224 2633 1262 2688 12
1287 2624 1361 2688 inde

190 2751 217 2794 a.
236 2731 355 2809 ,Fiunt
384 2736 490 2796 autem
514 2732 578 2796 sic“
605 2751 704 2813 usque
726 2734 766 2795 ad
782 2733 877 2812 „solis
895 2736 1090 2813 aspectum“,
1116 2733 1147 2796 111
1165 2752 1205 2796 ea
1221 2732 1362 2812 epitoma

193 2857 286 2917 quam
316 2858 372 2902 nos
403 2840 555 2904 habemus
579 2840 696 2904 similia
723 2860 786 2904 non
808 2840 968 2915 invenies;
1008 2840 1120 2903 deinde
1139 2844 1251 2903 auctor
1275 2839 1361 2919 capi·

193 2945 235 3009 tis
254 2947 298 3025 X,
324 2945 417 3025 quale
443 2947 548 3010 estin
572 2966 668 3029 upg,
694 2951 860 3011 enumerat
884 2947 948 3010 tria
971 2966 1091 3028 genera
1115 2947 1261 3025 laterum,
1280 2966 1360 3027 quae

192 3053 360 3118 Palladius
384 3053 511 3130 nouisse
536 3073 597 3117 non
622 3055 757 3133 videtur,
784 3073 857 3118 nam
881 3055 965 3136 apud
989 3072 1060 3118 eum
1083 3054 1201 3117 mentio
1225 3053 1261 3117 fit
1285 3074 1360 3118 non-

127 3166 133 3175 '
192 3160 255 3224 nisi
279 3161 346 3225 eius
370 3161 493 3240 lateris,
519 3162 572 3241 qui
596 3166 645 3225 est
670 3161 867 3243 longitudine
892 3162 1007 3242 pedum
1030 3162 1170 3238 duorum,
1191 3162 1361 3225 latitudine

192 3268 294 3345 nnius,
321 3268 490 3332 altitudine
515 3272 665 3348 quattuor
688 3267 862 3332 unciarum.
909 3268 984 3332 Hae
1014 3287 1120 3332 rerum
1144 3268 1363 3349 discrepantia

194 3379 366 3439 commotus
391 3375 528 3439 animum
552 3375 672 3453 induri,
696 3375 878 3439 Palladium
908 3394 970 3438 non
994 3376 1105 3439 eadem
1128 3375 1254 3456 legisse,
1280 3395 1362 3455 quae

193 3481 287 3546 hodie
306 3486 437 3546 exstant
457 3483 491 3546 in
511 3481 628 3546 nostris
645 3482 734 3546 libris
757 3501 848 3560 mss,
874 3487 1037 3561 totumque
1055 3486 1152 3562 caput
1168 3483 1203 3546 X
1220 3481 1363 3547 codicum

194 3607 283 3670 vpp„r
317 3589 420 3670 ipsum
451 3607 574 3669 otioque
602 3589 712 3653 deberi
746 3589 969 3670 interpolatori
1004 3588 1193 3669 posterioris
1233 3590 1362 3654 aetatis.

195 3695 258 3761 Sed
283 3697 310 3760 si
334 3696 404 3776 quis
420 3695 540 3760 infitias
563 3696 623 3761 ibit
646 3697 678 3759 id
702 3715 816 3777 reapse
841 3696 985 3760 evenisse
1004 3695 1143 3760 obiciens
1167 3697 1363 3776 temporibus

194 3803 335 3867 Palladii
371 3804 567 3868 architectos
601 3801 738 3868 fortasse
771 3803 842 3867 aliis
877 3803 1033 3867 lateribus
1061 3820 1134 3866 usos
1165 3822 1235 3866 esse
1267 3807 1363 3882 atque

195 3911 367 3974 Ferentini
404 3915 513 3974 aetate
549 3912 678 3991 eiusque
713 3911 760 3974 rei
795 3911 950 3974 rationem
986 3911 1153 3973 ducentem
1182 3910 1363 3973 Pallaulium

194 4017 366 4081 recessisse
392 4039 410 4080 a
434 4037 489 4082 suo
519 4022 658 4096 auctore,
690 4022 797 4081 tamen
827 4018 910 4081 idem
933 4017 1017 4080 lmud
1042 4016 1107 4080 scio
1131 4036 1172 4079 an
1196 4016 1246 4078 liis
1270 4035 1363 4096 argu·

178 4124 312 4204 ¹mentis
341 4125 504 4188 convictus
521 4125 569 4188 illi
586 4144 678 4204 quam
696 4143 793 4205 supra
809 4124 900 4204 posui
916 4124 1044 4204 opinoni
1061 4122 1294 4203 astipulaturus
1311 4124 1362 4187 sit.

284 4231 427 4296 Primum
451 4232 535 4296 onim
557 4231 736 4296 mirandum
760 4236 818 4309 est,
844 4231 926 4310 quod
949 4231 983 4294 in
1006 4231 1072 4294 solo
1096 4231 1156 4294 hoc
1181 4230 1287 4310 capite
1312 4230 1363 4292 lit·

195 4343 286 4402 terae
308 4358 450 4420 graecae
476 4341 648 4403 occurrunt
672 4338 705 4401 in
729 4338 831 4402 tribus
855 4336 925 4401 istis
957 4335 1146 4421 rentubnpoo,
1176 4333 1363 4422 zezpcbopoo,
