2888 4754
625 335 665 342 --
713 306 753 363 ao
803 293 851 340 ---¹

82 499 84 502 ’
145 479 227 558 quod
252 481 389 560 apparet
417 496 457 542 er
480 477 529 541 his
552 476 601 544 VI
625 474 818 558 10οἰοε003,
846 484 885 540 13
910 476 991 555 quod
1016 481 1185 558 ponantur,
1218 474 1313 562 (simi-

147 584 222 649 liter
245 584 278 649 iu
293 584 387 650 titulo
408 583 807 667 „quodponendalpaoq
824 591 863 648 13
882 587 915 647 00
932 591 1005 662 300,
1024 592 1062 647 15
1080 586 1314 665 quodponatur;

147 700 258 772 301,1
288 693 521 772 quodponetur;
559 700 632 772 303,
649 699 688 754 10
724 691 972 770 quodponendae
996 710 1067 770 pro:
1096 691 1316 772 disponantur,

53 867 56 872 ,
148 798 345 880 disponenda
369 804 431 863 oet.

235 907 414 970 Praeterea
441 906 474 970 in
503 905 556 970 illo
588 906 696 970 oodioe
726 905 857 970 litterae
881 924 902 968 n
931 909 964 968 00
993 925 1022 986 u,
1047 906 1080 971 in
1109 909 1142 970 et
1165 926 1206 987 m,
1231 906 1259 971 ri
1283 910 1316 970 et

147 1033 168 1077 n
191 1013 275 1079 male
310 1013 482 1078 distinctae
515 1011 613 1077 fuisse
641 1013 800 1093 videntur,
830 1030 891 1092 quo
920 1011 965 1092 fit,
996 1019 1031 1077 00
1058 1031 1143 1077 nuno
1170 1013 1315 1095 legamus

146 1121 179 1184 in
203 1140 275 1202 pg:

237 1236 309 1307 300,
325 1236 365 1292 30
390 1227 620 1310 in(m)mersum
644 1246 701 1308 pro
726 1227 887 1292 inversum
911 1224 969 1310 (0).

237 1343 343 1415 2300
368 1336 527 1400 rediumas
550 1354 608 1415 pro
632 1334 792 1399 redivivas
817 1333 873 1416 (u).

237 1450 352 1523 30011
378 1441 551 1522 primisque
576 1460 634 1523 pro
659 1440 844 1521 pruinisque
869 1440 880 1523 (
904 1441 927 1524 l.

237 1557 310 1632 330,
326 1558 365 1614 13
390 1550 477 1614 visus
503 1549 592 1632 (ante
617 1556 716 1632 0000.)
740 1567 798 1629 pro
824 1568 898 1613 usus
924 1548 981 1632 (v).

237 1664 344 1736 2304
368 1656 533 1737 profluerit
556 1675 614 1736 pro
637 1655 797 1736 profluent
823 1654 880 1738 (v).

235 1764 299 1828 His
323 1765 476 1845 expositis
501 1765 539 1828 de
574 1763 664 1828 libris
694 1785 713 1845 p
737 1769 770 1827 00
793 1783 815 1845 g
843 1765 905 1828 iam
933 1769 1079 1829 revertor
1102 1766 1143 1830 ad
1172 1765 1314 1830 oodioem

136 1890 178 1952 ·v,
203 1872 256 1952 qui
280 1873 327 1937 uti
355 1876 452 1937 antea
479 1872 623 1952 uidimus,
655 1876 743 1935 eerto
767 1890 830 1935 non
854 1883 904 1936 est
932 1873 1140 1954 apographon
1173 1873 1314 1937 eiusdem

148 1980 341 2062 exemplaris
376 1999 416 2044 ex
445 1999 504 2059 quo
533 1980 719 2074 prodierunt
747 1988 825 2069 pet
853 1999 884 2061 g.
932 1981 1181 2061 Disorepantiae
1206 1983 1313 2046 autem

149 2107 230 2171 quae
254 2088 456 2153 intercedunt
478 2087 563 2150 inter
586 2105 606 2150 v
630 2093 662 2151 00
686 2107 741 2168 pg
763 2089 809 2151 ita
832 2087 1094 2166 interpretandae
1112 2106 1181 2152 0000
1205 2088 1312 2152 viden-

148 2203 210 2278 tur,
240 2203 275 2261 00
306 2215 377 2260 oum
400 2194 497 2259 Rosio
528 2195 733 2274 suspioenuu,
762 2214 783 2258 v
807 2214 847 2258 ex
878 2196 1044 2258 enreudato
1079 2195 1099 2258 i.
1125 2215 1152 2259 0.
1183 2195 1313 2260 meliore

147 2303 323 2383 enernplari
353 2304 501 2366 rnemlose
525 2303 650 2381 quidem
678 2302 872 2381 desoriptum
901 2321 980 2381 esse,
1005 2303 1044 2366 ob
1073 2321 1204 2381 eamque
1240 2321 1312 2367 000·

148 2431 215 2475 sam
236 2411 353 2491 optimo
370 2411 438 2474 iure
455 2411 556 2474 uirum
572 2411 699 2473 000000]
717 2410 747 2472 iu
763 2410 959 2473 0000000000
977 2409 1115 2489 epitoma
1132 2409 1162 2473 ei
1177 2410 1313 2489 primum

147 2519 252 2583 looum
275 2517 457 2598 assignasse
482 2535 668 2597 persuasum
692 2516 804 2581 habeo.

236 2625 398 2689 Absoluta
428 2627 521 2706 parte
552 2641 695 2702 eaquae
724 2627 774 2687 est
797 2625 835 2687 de
860 2605 1018 2688 eodioibus
1042 2623 1220 2688 iamdudum
1243 2624 1312 2688 uul-

147 2733 232 2814 gatis
266 2749 350 2795 0000
385 2733 522 2795 animum
548 2735 770 2795 roravertamus
805 2732 845 2795 ad
869 2749 967 2795 novos
991 2731 1125 2810 codices,
1162 2731 1314 2810 quisunt

147 2841 260 2922 liagm.
296 2839 540 2905 Vindoboneuse
581 2840 613 2922 00
648 2838 729 2903 liber
768 2838 1024 2903 Selestadiensis.
1086 2836 1138 2901 Ao
1178 2839 1314 2918 primum

147 2947 272 3028 quidem
307 2947 454 3026 quoniam
490 2945 565 3009 solis
600 2946 648 3008 his
683 2947 803 3009 (100000
839 2945 978 3008 traditur
1013 2963 1126 3007 nomen
1160 2949 1311 3024 auotoris,

144 3055 281 3120 interest
316 3052 495 3130 enucleare,
533 3071 614 3132 quae
649 3053 730 3115 ratio
759 3052 940 3115 interoedat
968 3052 1052 3114 iuter
1077 3050 1191 3133 fragm.
1216 3052 1312 3117 Vind.

145 3165 179 3226 00
201 3165 344 3226 nostrum
367 3180 392 3224 s.

233 3269 391 3335 Convenit
426 3272 542 3348 autem,
579 3267 625 3332 uti
660 3284 756 3348 supra
791 3267 910 3332 rliotum
945 3270 995 3330 est
1012 3267 1114 3331 int-er
1142 3270 1312 3346 utrumque

146 3376 268 3457 titulus,
293 3376 347 3456 qui
370 3375 502 3456 legitur:

234 3484 282 3548 M.
311 3483 384 3549 Oeti
411 3482 584 3548 Fauentini
619 3483 698 3547 artis
732 3481 1015 3547 arohiteotionioae
1042 3481 1176 3564 priuatis
1203 3480 1313 3547 usibus

145 3592 351 3657 adbreviatus
374 3591 466 3656 liber.

233 3699 348 3779 Neque
375 3717 453 3762 uero
483 3698 583 3764 solum
611 3697 643 3762 in
671 3701 799 3764 servato
828 3698 968 3762 auotoris
992 3696 1116 3762 nomine
1139 3695 1315 3761 abhorrent

145 3825 165 3871 a
188 3806 304 3869 oeteris
334 3805 493 3870 oodioibus
517 3803 557 3869 fr.
582 3810 615 3868 et
638 3824 663 3884 0,
688 3807 743 3869 sed
768 3805 865 3870 etiam
888 3805 921 3868 in
944 3805 1140 3886 disponenda
1163 3803 1313 3878 materia;

145 3930 215 3976 oum
239 3912 322 3977 euim
345 3913 378 3976 in
401 3930 422 3975 v
434 3932 488 3994 pg
508 3913 604 3975 index
620 3912 830 3992 oapitulorum
846 3912 1021 3992 praecedat
1037 3911 1212 3992 prologum,
1229 3909 1314 3975 idem

144 4020 176 4085 in
199 4019 239 4085 fr.
265 4023 336 4084 ets
360 4020 562 4101 postponitm
589 4019 731 4100 prologo.
778 4021 830 4082 Ex
858 4020 956 4084 variis
981 4023 1089 4082 autem
1111 4018 1313 4099 lectionibus

144 4145 223 4208 quas
252 4145 349 4209 supra
377 4127 546 4208 composui,
572 4130 707 4207 apparet
730 4128 846 4191 iterum
869 4126 983 4210 fragm.
1008 4127 1103 4192 Vind.
1128 4125 1314 4207 plerumque

143 4235 251 4301 t'aoere
279 4225 351 4300 ‘oum
382 4236 449 4300 ood.
474 4253 499 4315 s,
524 4252 660 4314 namque
684 4234 753 4299 istis
778 4235 1011 4316 discrepantiis,
1037 4251 1117 4314 quae
1142 4236 1314 4298 ooomrunt

128 4343 166 4404 in
197 4345 308 4408 J'rrdr'oe
344 4343 569 4429 capitulorum,
607 4343 693 4409 haud
726 4343 775 4410 ita
806 4342 943 4408 multum
973 4342 1152 4424 tribuerim,
1180 4341 1254 4422 quia
1280 4341 1314 4407 in
