2888 4754
606 317 647 324 -
694 287 825 369 39...-

134 458 301 524 retinenda
324 463 371 523 est
393 463 573 541 propterea,
592 460 673 538 qrrod
690 458 813 522 nonnisi
831 459 877 522 sic
894 458 1096 540 intelligitur,
1114 458 1166 538 qni
1183 456 1302 523 factum

132 567 183 647 sit,
213 572 249 631 ut
279 569 379 630 rerba
408 565 734 647 ,‚pede(et.)se1uis“
765 565 797 629 in
827 585 896 630 eum
926 565 959 629 in
987 585 1046 646 quo
1076 585 1158 631 nunc
1180 565 1302 656 inueni·

132 680 228 738 untur
252 675 352 738 locum
378 672 636 736 delabereutur.'

223 780 377 843 Nonnihil
402 778 601 844 difficultatis
626 782 782 861 praebent
807 782 905 844 rerba
941 799 1023 860 quae
1058 784 1133 845 sunt
1157 787 1230 860 293,
1249 787 1301 843 12:

133 889 238 968 „Nam
259 887 285 951 si
302 887 473 951 interualla
491 887 641 951 mintium
656 885 777 951 luerint
792 889 833 952 ad
849 887 1071 952 libramentum
1088 892 1185 967 caput
1200 904 1303 967 aquae

133 1015 245 1075 specus
270 997 327 1058 sub
345 1000 433 1059 terra
451 995 512 1058 erit
531 994 714 1059 structura“
741 1015 794 1075 vp
807 1014 838 1075 g,
864 1013 922 1058 nec
945 995 1078 1059 multum
1101 994 1247 1059 iuvamur
1269 995 1304 1058 in

134 1103 324 1183 explicanda
359 1100 548 1165 diltioultate
573 1102 750 1182 ‹lepsrauuta
785 1101 901 1165 codicis
929 1121 944 1164 s
968 1101 1120 1166 lectione:
1154 1120 1246 1181 „nam
1276 1102 1304 1166 si

133 1209 307 1273 intervalla
338 1208 486 1272 sitentium
518 1208 637 1272 tuerint
665 1209 705 1272 ad
734 1208 959 1272 libramentum
989 1213 1085 1290 eaput
1109 1228 1212 1289 aquae
1235 1228 1302 1274 sus-

134 1318 293 1397 pendatur
322 1321 379 1379 aut
417 1318 474 1378 sub
510 1321 598 1378 terra
632 1315 689 1379 liat
713 1316 908 1379 structura“.
967 1317 1219 1399 Interrogandus
1254 1320 1304 1380 est

134 1423 248 1487 iterum
273 1422 439 1486 Palladius
464 1421 515 1501 qui
540 1423 560 1486 l.
580 1442 606 1486 c.
624 1424 732 1486 docet:
759 1422 812 1502 „Si
837 1423 907 1502 quis
931 1441 1018 1486 ulons
1043 1422 1229 1487 interiectus
1253 1442 1302 1488 oc-

135 1529 279 1609 currerit,
304 1535 361 1593 aut
385 1548 442 1609 per
466 1529 571 1592 latera
597 1528 664 1593 eiius
688 1548 800 1608 aquam
826 1531 976 1594 elucemus
1000 1530 1159 1609 obliquam
1184 1531 1305 1595 autad

135 1655 237 1717 apiae
277 1642 373 1717 capnt
411 1637 580 1717 speluncas
616 1636 812 1716 librabimus,
849 1656 907 1717 per
941 1655 1072 1716 quarum
1109 1641 1304 1703 structuram

124 1743 334 1825 ,perreniatf‘
388 1743 617 1807 Desideramus
642 1763 718 1825 ergo
743 1743 875 1824 primum
911 1743 943 1807 in
979 1749 1088 1808 nostro
1123 1744 1304 1808 Faventino

134 1857 339 1932 praeceptum
376 1852 415 1913 de
451 1850 712 1934 circumducepda
743 1870 835 1931 aqua,
877 1870 970 1931 quam
1006 1855 1113 1915 tamen
1148 1851 1303 1915 rationem

134 1958 259 2023 minine
288 1957 436 2021 omittere
461 1958 608 2037 debebat,
634 1959 824 2039 praesertim
852 1977 920 2023 cum
946 1959 1027 2022 idem
1052 1958 1248 2039 reperiamus
1270 1958 1304 2022 iu

136 2066 221 2130 Vitr.
249 2072 391 2144 208,st
453 2064 736 2129 Consentientibus
772 2065 871 2146 igitur
905 2065 1052 2130 Palladio
1088 2069 1121 2129 et
1155 2065 1303 2130 Vitruvio

136 2192 198 2235 nou
223 2177 273 2236 est
297 2171 468 2237 uerisimile
493 2190 572 2252 enm,
599 2170 650 2251 qui
672 2171 793 2235 medius
814 2176 865 2235 est
880 2172 1067 2235 interiectus
1083 2172 1168 2236 inter
1183 2177 1302 2236 utrum-

136 2299 196 2360 que
225 2279 366 2350 omisisse
397 2283 496 2343 totam
533 2298 609 2358 rom,
647 2279 728 2342 unde
760 2297 823 2343 non
846 2279 914 2342 sine
938 2279 1046 2359 aliqua
1075 2278 1303 2360 probabilitate

135 2393 242 2468 potest
265 2385 416 2451 affirmari
442 2385 600 2450 interiisse
617 2385 767 2452 eiusmodi
791 2390 994 2466 praeceptum
1020 2391 1091 2466 post
1116 2388 1230 2468 verba:
1256 2386 1305 2467 „si

135 2494 176 2556 int
185 2493 308 2557 ervalla
330 2493 481 2556 montium
506 2491 658 2556 fuerint.“

224 2601 325 2663 Porro
350 2620 389 2663 ex
414 2599 552 2664 Palladii
577 2599 684 2665 uerbis
707 2599 916 2681 intelligimus
940 2603 1028 2664 stare
1051 2616 1115 2664 nnn
1138 2617 1231 2680 posse
1246 2596 1303 2664 illa

138 2707 253 2771 codicis
269 2726 303 2770 s:
329 2706 566 2786 „suspendatur
582 2706 670 2786 a11t“,
689 2706 795 2787 potius
812 2707 981 2771 retinenda
1001 2710 1051 2770 est
1067 2724 1130 2770 vox
1147 2705 1301 2787 ,‚specus“

136 2813 189 2882 tei.
216 2814 298 2880 Vitr.
318 2822 392 2894 207,
411 2812 479 2896 1t3);
505 2813 639 2893 denique
659 2813 685 2876 si
702 2813 892 2894 accipiemus
916 2813 1066 2894 optimam
1082 2811 1215 2876 Marinii
1231 2830 1302 2876 con·

135 2924 299 3000 lecturam,
336 2941 399 3000 qua
435 2921 591 3002 „capitis“
627 2940 684 3001 pro
721 2921 862 3002 „caput“
899 2920 1098 2985 scribendum
1127 2920 1302 3000 proposuit,

136 3048 233 3110 prope
259 3029 444 3092 accedemus
467 3029 505 3092 ad
524 3029 662 3093 Palladii
679 3030 788 3107 verba,
805 3028 866 3091 nisi
884 3028 965 3107 quod
983 3027 1087 3092 adbuc
1103 3026 1305 3091 desideratur

135 3139 265 3202 uerbum
302 3136 438 3211 finitum;
476 3137 671 3216 respondent
709 3137 790 3200 enim
826 3137 939 3201 verba:
981 3135 1043 3217 „ad
1082 3135 1305 3200 libramentum

133 3244 246 3324 capitis
271 3261 372 3323 aquine
397 3261 509 3323 specus
538 3245 595 3306 sub
619 3244 728 3307 terra“
753 3242 968 3307 Palladianis:
995 3243 1056 3322 „ad
1080 3260 1182 3323 auriae
1207 3246 1303 3323 caput

132 3353 299 3431 speluncas
327 3349 543 3413 lib1·abimus“.
591 3349 689 3414 Notio
718 3349 855 3413 librendi
886 3368 954 3414 cruris
985 3349 1048 3413 iam
1079 3348 1156 3413 insit
1184 3348 1217 3413 in
1240 3348 1302 3412 isto

133 3459 194 3537 „ad
223 3457 467 3522 libramentum‘
496 3457 713 3520 tantummodo
749 3474 828 3536 opus
864 3462 914 3521 est
945 3458 1043 3522 verbo
1068 3455 1227 3520 existendi
1250 3456 1302 3521 vel

131 3565 277 3644 faciendi,
314 3566 396 3645 quod
432 3583 519 3628 sunm
555 3583 595 3627 ex
629 3563 692 3626 isto
722 3561 822 3642 „fiat“
854 3563 971 3629 codicis
994 3582 1018 3643 s,
1050 3562 1177 3627 sedita
1205 3567 1242 3626 ut
1269 3561 1301 3625 in

133 3672 253 3752 „fiant“
289 3672 473 3736 mutandum
510 3688 684 3752 proponam
712 3674 746 3734 et
768 3675 903 3753 propter
926 3669 1066 3735 Palladii
1091 3669 1300 3752 ‚,speluncas“

132 3785 164 3843 et
199 3785 332 3860 propter
355 3779 495 3845 Vitruvii
530 3779 639 3859 verba,
676 3797 759 3858 qliae
793 3784 869 3843 sunt
893 3776 1069 3860 (207,10):
1096 3777 1165 3858 „uti
1189 3794 1301 3859 specus

131 3885 293 3950 fodiantur
317 3887 374 3950 sub
398 3891 488 3951 terra
511 3885 753 3965 librenturque“
779 3890 840 3950 cet.

220 3993 399 4072 Supersunt
422 3996 534 4058 uerba:
553 3997 739 4074 „structura
762 3997 819 4057 aut
843 3992 1007 4058 canalibus
1031 3991 1174 4058 roboreis
1198 4009 1300 4071 aquae

130 4101 244 4163 dumus
280 4101 516 4180 conponatur
570 4100 665 4163 Haec
702 4102 803 4165 verba
840 4110 899 4180 per
937 4118 971 4163 se
999 4099 1233 4180 intelliguntur,
1273 4097 1301 4161 si

133 4208 336 4285 „structura“
367 4207 519 4270 habemus
548 4206 683 4272 ablativi
711 4206 790 4287 loco,
821 4206 868 4270 ita
891 4211 928 4268 ut
956 4205 1114 4286 duplicem
1143 4204 1301 4271 rationem

131 4313 293 4379 ducendae
316 4330 420 4395 aquae
443 4312 587 4396 proferat
611 4313 827 4395 Fauentinus,
848 4330 990 4395 unarmn
1003 4312 1155 4376 alteram
1167 4315 1317 4370 tamm-
