2888 4754
606 324 822 381 135-

222 501 346 573 211131
380 493 581 558 subsidentes
604 513 634 574 1,
659 494 872 559 subsistentes
896 515 916 577 p
929 503 960 577 g'.

222 601 295 680 2911,
311 608 350 664 21
383 601 520 681 positum
545 606 579 664 et
606 607 751 681 opertum
776 621 805 682 1,
831 621 890 666 om.
914 622 935 682 p
948 622 979 683 g.

222 714 329 789 2911
354 706 514 787 profluent
537 726 567 785 1,
592 707 759 787 profluerit
782 728 846 790 pg.

223 824 296 893 215,
312 823 351 879 27
376 815 507 879 hutnore
531 833 645 894 spansa
669 814 733 879 cito
758 815 934 896 solvuntur,
964 821 1138 899 propterea
1162 815 1243 885 fabr.
1268 838 1297 898 v;

220 924 367 987 humores
391 940 466 1001 pars
490 926 664 1001 propterea
689 921 752 985 cito
777 921 944 988 solvuntur
968 921 1049 988 fabr.
1074 944 1139 1007 pg.

222 1038 329 1094 296.ss
354 1027 476 1092 frontes
499 1046 529 1106 v,
554 1025 659 1092 fontes
683 1048 748 1109 pg.

222 1144 351 1216 2117,15
377 1154 416 1197 eu
441 1134 530 1199 euius
554 1153 584 1215 v,
610 1134 699 1199 cuitts
723 1156 788 1218 pg.

222 1252 339 1323 211813
365 1242 553 1322 disponatur
576 1260 606 1325 1,
631 1243 715 1320 quod
739 1250 877 1323 ponatur
900 1264 965 1327 pg.

222 1360 296 1432 100,
313 1358 348 1414 11
376 1348 478 1412 simile
502 1367 532 1427 1,
558 1368 617 1413 om.
642 1369 662 1429 p
676 1369 707 1431 g.

221 1458 315 1523 Haec
347 1474 422 1519 uero
454 1455 602 1536 exempla
632 1476 701 1521 cum
726 1459 934 1537 comprobant
958 1458 1036 1525 illud
1064 1460 1146 1539 quod
1171 1465 1300 1526 oonten·

133 1568 227 1633 derat
250 1563 393 1631 Vitnu'ii
427 1562 530 1656 editor
557 1562 758 1641 novissimus,
795 1571 861 1629 tum
885 1567 1074 1648 apographa
1109 1586 1179 1632 esse
1210 1569 1300 1642 codd.

133 1694 189 1757 pg
217 1673 357 1737 eiusdem
391 1669 464 1734 libri
492 1670 578 1734 haud
609 1669 756 1751 ambigue
786 1673 966 1737 ostendunt.
1014 1672 1189 1757 Quominus
1218 1674 1301 1740 enim

135 1782 272 1846 alterum
297 1798 337 1842 ex
361 1777 464 1841 altero
489 1776 669 1841 derivatum
702 1796 772 1842 esse
797 1777 971 1860 opinemur,
995 1780 1057 1845 hae
1081 1781 1300 1848 ratiocinatio·

134 1906 190 1953 nes
229 1885 383 1966 impedire
422 1883 588 1948 sidentur:
635 1884 771 1965 primum
809 1884 909 1966 igitur
944 1907 964 1968 p
1000 1906 1086 1971 exg
1120 1889 1301 1970 descriptus

135 2015 205 2061 esse
230 2013 294 2057 nou
316 1995 433 2073 potest,
459 1990 534 2070 quia
558 1990 678 2055 omittit
702 2012 724 2073 g
747 2011 817 2072 cap.
844 2001 984 2074 arm-30,
1009 2013 1091 2074 quae
1119 2002 1227 2061 tamen
1251 2015 1303 2062 ca·

134 2102 204 2183 pita
239 2099 446 2164 inueniuntur
480 2097 514 2161 in
538 2100 606 2161 cod.
631 2119 661 2178 p,
699 2100 871 2177 eodemque
906 2103 997 2165 modo
1032 2120 1072 2166 ne
1108 2103 1303 2170 eontrarium

134 2208 332 2290 suspicemur
360 2205 428 2269 soil.
453 2224 475 2286 g
505 2224 575 2269 esse
604 2206 812 2287 apographon
841 2207 958 2272 codicis
982 2228 1012 2289 p,
1042 2211 1302 2291 cavendum-est,

133 2334 269 2394 namque
292 2314 459 2378 habemus:

223 2429 330 2501 287,2
355 2418 567 2484 scientissime
591 2439 622 2500 g,
647 2437 707 2483 om.
731 2439 762 2499 p.

224 2536 297 2605 288,
314 2535 353 2590 15
378 2526 463 2589 inter
486 2530 612 2589 eeteros
638 2563 678 2569 ——
703 2529 812 2592 orbem
835 2518 865 2609 g,
892 2545 951 2594 om.
975 2547 1007 2610 p.

224 2643 298 2713 289,
313 2641 353 2697 20
378 2632 411 2696 in
435 2632 591 2714 quibusg‚
616 2633 729 2712 quibus
753 2654 784 2715 p.

224 2749 297 2819 291,
314 2749 353 2804 16
378 2739 500 2803 animas
525 2739 711 2821 corporibus
734 2761 765 2823 g,
791 2759 850 2807 om.
875 2763 907 2823 p.

224 2856 297 2927 298,
313 2855 353 2910 22
378 2846 559 2911 retineatur
582 2866 612 2928 g,
638 2865 698 2911 om.
722 2868 754 2928 p.

224 2956 288 3021 Sed
318 2954 392 3033 quid
408 2953 568 3034 'pluribus
593 2974 672 3035 opus
697 2960 747 3019 est
778 2956 818 3020 ad
842 2956 1122 3023 demonstrandam
1144 2975 1212 3023 rem
1239 2956 1303 3024 iam

135 3060 302 3144 apertam?
349 3064 458 3144 Quare
494 3081 564 3125 eum
587 3080 690 3140 neque
714 3081 734 3142 p
760 3080 800 3125 ex
824 3082 846 3142 g
873 3081 975 3142 neque
999 3064 1072 3128 uice
1098 3073 1194 3130 tersa
1216 3085 1239 3147 g
1261 3085 1303 3130 ex

134 3190 154 3250 p
174 3168 313 3247 fluxerit,
331 3171 444 3246 restat,
469 3177 514 3246 ut,
539 3187 620 3246 quae
637 3167 810 3232 similitudo
833 3168 1005 3233 intercedit
1021 3170 1107 3234 inter
1123 3178 1301 3250 utrumque,

130 3279 171 3341 ad
202 3276 336 3340 eundem
370 3272 491 3338 fontem
519 3283 654 3366 uterque
694 3277 837 3340 recedat.
884 3274 933 3340 Aa
961 3276 988 3340 si
1016 3277 1086 3356 quis
1115 3277 1241 3343 dubitet
1264 3279 1303 3343 de

130 3383 191 3449 hac
215 3382 361 3463 opinione
390 3400 429 3445 ea
452 3400 487 3444 re
519 3386 703 3462 commotus,
732 3383 815 3461 quod
842 3382 1002 3449 alteruter
1033 3384 1133 3449 codex
1160 3402 1303 3450 nonnun-

132 3509 225 3569 quam
259 3488 338 3554 faeit
378 3507 448 3553 cum
483 3490 553 3553 eod.
589 3507 609 3551 v
645 3493 756 3554 contra
795 3489 944 3572 alterum,
985 3491 1304 3557 animadvertendum

133 3603 182 3660 est
206 3615 260 3662 eas
284 3596 518 3676 discrepantias
542 3613 613 3660 esse
641 3595 822 3661 levissimas
846 3616 906 3662 nec
928 3599 1042 3680 vagari
1066 3598 1304 3666 ultramodum

131 3704 289 3784 vitiorum,
319 3721 400 3782 qliae
432 3703 632 3766 committere
656 3703 761 3768 solent
785 3705 845 3769 duo
879 3704 1003 3770 librarii
1025 3705 1109 3770 idem
1138 3704 1305 3786 exemplar

133 3810 363 3889 exscribentos
399 3812 435 3873 ut
459 3828 487 3873 e.
512 3828 542 3890 g.
578 3808 668 3873 initio
708 3808 867 3891 epitomae
904 3815 938 3875 et
961 3829 983 3877 v
1006 3818 1040 3877 et
1073 3832 1094 3892 p
1130 3812 1305 3878 omiserunt

132 3933 243 3981 vocem
281 3916 530 3997 „scientissime“
568 3915 755 4000 (aberrante
791 3918 938 3983 nimirum
970 3918 1060 3984 oculo
1089 3919 1305 3986 scribentisa

136 4023 385 4105 „scientissimel
405 4025 446 4089 ad
475 4023 697 4106 scripserat),
720 4044 790 4088 cum
814 4026 949 4090 eandem
972 4029 1062 4090 recte
1078 4025 1260 4092 servaverit
1271 4045 1303 4109 g.

221 4130 344 4215 Quodsi
360 4131 540 4209 quaerimus
564 4131 603 4194 de
628 4131 811 4195 condicione
835 4132 930 4197 istius
947 4132 1149 4213 exemplaris
1175 4151 1216 4198 ex
1243 4151 1304 4213 quo

132 4236 261 4304 fluxisse
286 4259 306 4320 p
331 4242 365 4302 et
389 4258 410 4320 g
445 4237 625 4317 statuimus
661 4239 836 4303 notandum
868 4243 927 4322 est,
958 4238 1151 4322 particulam
1181 4240 1303 4322 ,111011ιι

133 4351 166 4414 et
196 4345 355 4431 syllabam
378 4344 557 4429 praefusanr
583 4345 669 4429 „dis‘
689 4361 747 4431 per
770 4346 858 4414 idem
882 4347 1016 4432 siguum
1034 4352 1197 4411 exeamas
1211 4343 1325 4406 &mssa

1139 4444 1178 4496 ss
