2888 4754
577 342 619 354 ...
666 315 797 374 23-

107 486 208 572 δωρον,
246 506 315 553 eum
352 490 462 552 cetera
497 487 654 552 vocabula
676 507 797 569 graeca
832 488 872 551 ad
903 504 999 551 unum
1027 485 1132 552 omnia
1155 485 1278 568 scripta

108 585 174 660 sint
211 594 331 659 litteris
369 594 479 658 latinis
515 594 604 658 velut
621 603 757 673 28119
794 593 886 658 tanin
921 598 954 658 et
977 593 1147 672 diatlresin,
1178 612 1209 658 v.
1235 601 1276 658 20

108 702 312 784 eurythmian
329 705 361 766 et
378 701 594 783 symmetrian,
619 721 649 765 v.
668 709 706 765 21
727 701 939 779 oeconomian,
966 709 1059 779 aaa]
1079 703 1228 782 posoteta
1243 704 1278 765 et

108 828 138 874 v.
164 817 183 873 1
207 808 289 886 idea,
315 816 389 886 306,
421 815 460 872 11
491 807 685 887 theodotion,
717 827 747 873 v.
775 816 814 872 11
846 807 1021 886 arsenicon,
1047 816 1143 885 30119
1167 807 1276 872 isatin.

107 916 270 996 Deinceps
301 914 333 978 id
356 914 459 996 ipsum
482 913 656 995 suspicioni
687 933 756 978 esse
780 918 897 994 potest,
928 913 1131 994 quodetiam
1154 913 1275 978 inveni·

106 1025 160 1085 tur
187 1022 222 1085 in
245 1022 305 1085 hoc
336 1020 443 1102 capite
466 1020 586 1084 mentio
616 1021 755 1085 latorum
778 1018 977 1104 aavaabopav,
1003 1020 1124 1101 quibus
1149 1024 1185 1084 ut
1207 1020 1276 1101 ipse

107 1129 155 1199 ait
179 1132 300 1207 auctor,
318 1127 464 1191 nimirum
488 1131 616 1190 secutus
633 1126 823 1204 Vitruvium,
839 1127 1010 1191 architecti
1026 1126 1155 1208 publica
1178 1145 1277 1208 opero

107 1239 274 1300 exstruere
307 1237 512 1308 consuerant,
549 1234 582 1296 in
619 1234 803 1298 memoriam
838 1237 944 1298 autem
979 1235 1192 1299 revocandum
1226 1237 1277 1298 est

106 1341 323 1407 Ferentinum
357 1341 389 1405 id
424 1340 485 1405 sibi
520 1340 732 1422 proposuisse,
768 1345 804 1404 ut
838 1359 920 1420 quae
956 1342 996 1405 ad
1026 1340 1171 1421 privatos
1201 1357 1276 1404 usus

107 1453 294 1531 spectarent
311 1447 422 1529 paucis
446 1447 635 1528 explicaret.
681 1449 732 1512 Ea
754 1447 854 1530 igitur
877 1466 929 1512 111
954 1448 1126 1512 abliorrere
1149 1446 1277 1512 videtur

108 1576 128 1621 a
156 1554 347 1633 Faventino,
381 1574 419 1619 ao
454 1574 493 1618 ne
530 1554 599 1635 quis
635 1554 753 1619 obiciat
783 1553 886 1618 simile
922 1553 995 1634 quid
1030 1571 1198 1618 1111111111
1222 1573 1275 1635 pg.

108 1671 205 1741 300,8
237 1662 270 1725 in
304 1661 411 1727 verbis
460 1660 512 1742 ,in
542 1661 669 1743 privato
694 1661 826 1742 pedibus
854 1660 937 1725 binis
961 1660 1065 1739 semis,
1093 1659 1127 1724 in
1150 1659 1276 1742 publico

107 1769 241 1847 ternis“,
269 1771 367 1834 verbo
398 1768 562 1834 absolvam
591 1788 640 1832 me
675 1767 764 1832 illum
799 1785 922 1848 quoque
957 1767 1060 1831 locum
1094 1770 1277 1848 suspectum

107 1877 228 1940 habere
259 1880 432 1956 propterea
463 1876 545 1955 quod
575 1875 642 1938 tale
677 1877 885 1955 praeceptum
915 1892 955 1938 ne
986 1875 1071 1954 apud
1094 1872 1277 1938 Vitruvium

108 1982 254 2063 (125122)
280 1981 414 2062 quidem,
439 1983 553 2045 nedum
578 1982 662 2062 apud
674 1980 857 2045 Palladium
879 1980 1051 2044 invenitur.
1098 1979 1177 2045 (lum
1200 1998 1277 2043 vero

107 2089 164 2153 vin
200 2088 242 2152 sit
277 2089 469 2152 credendum
492 2087 709 2152 Ferentinum
739 2089 779 2150 de
810 2105 866 2151 suo
895 2087 1055 2151 addidisse
1090 2105 1166 2165 rem,
1195 2103 1277 2165 quae

108 2195 234 2260 omnino
269 2212 332 2259 non
373 2195 557 2276 pertinebat
592 2195 632 2258 ad
667 2214 738 2258 earn
774 2213 868 2275 qnam
902 2193 1060 2258 tractavit
1098 2191 1276 2271 materiam,

108 2303 246 2366 delenda
270 2321 340 2366 esse
363 2304 464 2366 verba
491 2301 543 2383 ,in
573 2301 719 2383 privato“
748 2304 781 2365 et
807 2301 859 2383 ,iu
883 2300 1010 2382 publico
1033 2299 1153 2364 ternis“
1184 2301 1276 2380 puta-

108 2409 209 2473 verim
240 2413 390 2488 ceterum,
422 2411 458 2472 ut
492 2408 695 2473 reconciliem
718 2407 900 2472 Faventino
923 2406 1119 2485 Vitruvium,
1155 2404 1277 2470 faciens

110 2534 181 2580 cum
214 2516 322 2594 Rosio,
360 2515 411 2596 qni
437 2536 510 2597 pac.
539 2523 652 2594 12121
683 2515 717 2578 in
745 2517 817 2579 adn.
842 2514 912 2578 crit.
937 2513 1105 2596 legendum
1130 2512 1278 2594 proponit

109 2625 186 2687 duos
210 2623 241 2687 id
266 2627 315 2687 est
338 2625 398 2688 duo
422 2623 527 2686 semis

199 2731 262 2796 Sed
293 2730 357 2794 iam
388 2732 483 2795 redeo
519 2732 559 2795 ad
595 2729 800 2812 propositum.
847 2727 976 2793 Etenim
1005 2727 1194 2793 monendum
1228 2729 1278 2792 111

110 2842 282 2919 praeterea
299 2839 431 2902 verbum
454 2837 533 2901 illud
553 2836 776 2917 ,interaneus‘
803 2833 929 2917 (29115)
954 2834 1047 2900 nirnis
1071 2852 1185 2915 sapere
1208 2832 1277 2897 infi-

110 2965 193 3009 mam
210 2944 406 3008 latinitatem
422 2946 564 3024 adeoque
587 2944 709 3008 Poleno
726 2941 891 3007 offensioni
915 2940 1022 3020 fuisse,
1047 2946 1083 3005 ut
1102 2939 1274 3022 „interius“

110 3052 311 3117 scribendum
327 3055 529 3133 proponeret.
577 3052 652 3115 Huc
676 3049 896 3129 acceditquod
920 3069 940 3113 1
962 3047 1136 3113 Faventini
1159 3065 1277 3129 genere

110 3159 236 3224 dicendi
260 3159 366 3222 aliena
390 3162 440 3223 est
462 3158 520 3222 illa
543 3177 606 3223 vox
637 3156 790 3240 „siocari“
823 3175 904 3237 quae
927 3156 976 3221 bis
1000 3155 1139 3221 occurrit
1161 3155 1195 3219 in
1217 3154 1278 3218 hoo

110 3267 233 3349 capite:
258 3269 368 3330 noster
391 3264 474 3329 enim
503 3269 623 3344 auctor,
655 3264 843 3344 ubicumque
867 3281 946 3344 opus
970 3266 1020 3328 est
1043 3262 1171 3326 notione
1198 3261 1277 3342 „sic-

109 3374 233 3453 candi“,
251 3392 377 3454 semper
400 3371 533 3437 formam
550 3372 690 3437 activam
713 3389 794 3451 quae
819 3375 869 3436 111
888 3370 1051 3452 „siccare”
1072 3367 1278 3434 intransitivo

109 3498 204 3545 11111
228 3481 319 3562 ponit
342 3479 431 3544 velut
455 3487 568 3557 302,8;
598 3486 733 3557 296,20;
759 3486 877 3556 31228
903 3478 980 3557 (293
1011 3496 1068 3558 pro
1100 3475 1274 3558 ‚,sieoant,“

109 3588 191 3667 quod
226 3588 260 3650 in
293 3585 471 3669 „siccatur“
504 3583 586 3649 falso
616 3589 800 3649 mutaverat
831 3585 928 3649 editio
963 3584 1122 3665 princeps
1154 3583 1222 3649 eod.
1263 3603 1278 3648 s

108 3696 244 3775 praebet
271 3692 482 3775 „siccescit“),
507 3710 608 3774 genus
632 3695 740 3756 autem
762 3691 926 3773 passivum
949 3691 983 3755 in
1006 3695 1074 3756 toto
1096 3690 1278 3755 Faventino

109 3799 230 3865 frustra
253 3799 437 3880 requiritur.

198 3908 293 3971 Haeo
316 3906 421 3971 omnia
438 3907 577 3971 clamare
601 3907 750 3972 videntur
767 3905 1012 3971 abiudioandum
1033 3905 1278 3971 1111111111-

110 4013 176 4078 tino
200 4019 298 4095 caput
320 4015 357 4078 X
386 4014 480 4093 quale
512 4016 620 4078 exstat
642 4013 677 4077 in
700 4014 768 4077 eod.
804 4032 902 4095 vpg.
949 4013 1058 4097 Quare
1082 4030 1153 4076 cum
1176 4030 1279 4092 neque

108 4120 157 4183 illi
184 4121 309 4184 codices
333 4120 535 4185 servaverint
562 4139 641 4185 vera
662 4120 766 4184 nostri
798 4119 1018 4200 epitomatoris
1042 4120 1151 4197 verba,
1176 4136 1279 4197 neque

110 4230 146 4289 ut
170 4230 268 4291 antea
290 4227 427 4292 vidimus
458 4228 526 4291 eod.
551 4245 575 4305 S,
608 4227 813 4290 statuendum
837 4244 907 4290 1111
930 4225 1080 4289 interisse
1105 4224 1179 4289 olim
1203 4242 1281 4289 oasa

110 4333 216 4414 aliquo
240 4333 319 4399 illud
343 4333 581 4418 capitulumde
603 4333 770 4416 lateribus,
796 4333 880 4416 quod
907 4334 1136 4414 composuerat
1152 4331 1286 4394 11111-
