2888 4754
613 298 892 376 -43-ff

139 490 408 572 interpolatorem,
442 510 501 555 nee
532 509 593 554 non
626 489 760 554 molesta
789 493 839 552 est
873 472 910 554 ea
942 487 1172 557 sententiarum
1196 487 1308 552 coliae·

140 599 253 678 reutia,
284 619 346 679 qna
370 597 512 680 cogimur
535 617 648 662 nomen
672 596 847 661 subiectum
872 607 1019 677 repetere
1043 596 1115 659 lurie
1139 594 1308 659 enunciata

141 726 177 769 eu
203 705 310 770 uerbis
336 704 388 785 „in
413 703 525 768 urbe“.
560 706 733 768 Postremo
758 703 783 766 si
808 703 995 785 respicimus
1019 702 1049 766 iu
1076 701 1220 783 sequenti
1237 720 1306 765 sen-

140 813 257 877 tentia:
286 811 462 892 „latericiis
486 830 561 892 ergo
586 810 783 892 parietibus*
809 815 868 877 cet.
894 810 1009 876 iterum
1040 828 1205 904 occurrere
1234 828 1305 890 par-

139 919 267 984 ticulam
296 918 415 1000 „ergd‘
440 937 502 982 uou
526 910 739 983 dubitabimus
764 917 826 981 ista
844 920 944 982 rerba
965 916 1137 998 glossatori
1155 915 1305 980 tribuere.

227 1026 336 1110 Quare
369 1044 436 1088 cunr
470 1024 633 1090 videamus
663 1025 800 1089 codicem
830 1035 845 1087 s
874 1043 942 1088 cum
972 1023 1088 1088 ceteris
1112 1022 1216 1086 facere
1245 1040 1306 1085 nou

139 1135 237 1198 solum
273 1133 304 1197 iu
342 1131 506 1196 tradendis
540 1131 698 1195 uouuullis
722 1131 813 1196 falsis
842 1136 874 1194 et
898 1130 1084 1212 depietatis
1108 1129 1305 1207 lectionibus,

137 1242 191 1303 sed
226 1239 321 1304 etiam
359 1241 389 1303 in
425 1237 612 1302 exlulrcudis
648 1238 833 1318 quibusdam
870 1237 995 1321 glossis,
1025 1237 1110 1302 lrtrrrd
1138 1237 1306 1301 abnuenda

137 1346 264 1411 ridetur
287 1346 379 1426 ratio,
406 1347 445 1409 ad
464 1364 558 1409 rrrrum
575 1347 771 1424 curulemque
788 1346 996 1427 archetypum
1015 1345 1166 1408 recedere
1183 1342 1306 1407 codices

137 1472 243 1518 omues
267 1452 440 1518 Ferentini
464 1451 518 1531 qui
541 1453 644 1516 adhuc
668 1457 743 1516 suut
766 1451 883 1533 publici
907 1451 985 1516 iuris
1008 1449 1096 1516 fecti.

225 1561 276 1623 De
304 1558 487 1623 condicione
515 1558 647 1623 nuncsi
673 1557 854 1640 transierimus
878 1557 1055 1640 archetypi,
1081 1557 1215 1640 primum
1240 1561 1303 1620 sta-

136 1668 286 1730 tuendum
312 1669 370 1744 est,
402 1664 432 1729 in
457 1684 494 1729 eo
521 1667 659 1729 noudum
684 1665 848 1730 exstitisse
872 1683 927 1730 eas
950 1665 1091 1744 lacunas,
1117 1683 1198 1744 quae
1222 1682 1305 1728 nuuc

136 1773 343 1838 inveniuntur
366 1758 399 1836 in
422 1790 519 1853 rpg,
548 1771 580 1836 id
609 1774 691 1852 qucd
720 1775 836 1852 probat
863 1774 930 1836 cod.
956 1791 971 1836 s
999 1770 1126 1853 propius
1150 1771 1304 1834 accedens

136 1882 176 1944 ad
200 1861 366 1960 archetypi
390 1878 627 1960 iutegritatem
653 1898 710 1944 eae
735 1879 841 1961 potins
864 1880 1064 1960 corrupte'ae
1085 1877 1207 1941 crimini
1227 1877 1303 1939 don·

136 1988 194 2051 dae
229 1994 305 2050 suut
339 1985 479 2050 incuriae
516 1985 584 2050 eius
615 1985 752 2066 librarii,
784 1986 836 2066 qui
862 1985 997 2050 confecit
1024 1985 1148 2064 librum,
1174 2004 1214 2047 ex
1242 2001 1303 2063 quo

136 2094 323 2176 prodierunt
350 2111 451 2174 rpg,
482 2092 528 2156 ita
560 2099 596 2158 ut
623 2113 685 2158 uon
710 2095 771 2157 iam
801 2094 844 2157 sit
872 2113 927 2158 cur
954 2093 1104 2158 miremur
1127 2091 1303 2156 codicems

135 2203 214 2266 adeo
239 2200 420 2281 discrepare
444 2195 474 2262 a'
487 2199 616 2281 reliquls
633 2201 721 2266 libris
738 2201 880 2265 omuibus
904 2201 1125 2267 recedentibus
1141 2198 1182 2263 ad
1198 2217 1302 2262 exem-

135 2309 206 2389 plar
228 2307 323 2373 valde
345 2308 565 2387 depravatum.

223 2415 400 2478 Praeterea
424 2433 609 2496 persuasum
643 2416 743 2480 liabeo
772 2414 925 2480 defecisse
954 2415 986 2478 in
1010 2404 1164 2479 commoni
1193 2413 1302 2476 arche-

136 2527 215 2603 typo
251 2540 319 2601 cap.
344 2521 380 2585 X
416 2522 498 2601 qrrod
534 2525 583 2585 est
618 2523 656 2586 de
692 2522 846 2588 lateribus
881 2520 1048 2595 faciendis;
1084 2513 1120 2584 id'
1147 2525 1252 2584 arrtem
1282 2537 1302 2582 a

137 2628 274 2693 librariis
309 2627 406 2691 aliter
440 2627 623 2692 restitutum
659 2647 728 2693 esse
764 2631 794 2693 iu
831 2631 898 2694 cod.
927 2647 974 2708 eo,
1005 2647 1044 2692 ex
1074 2646 1135 2708 quo
1163 2624 1302 2690 derivati

136 2740 209 2799 sunt
233 2755 253 2800 r
266 2753 329 2816 pg,
354 2734 451 2799 aliter
473 2735 506 2798 in
530 2754 580 2816 ea,
606 2754 645 2799 er
671 2755 731 2816 quo
755 2735 847 2800 fluxit
870 2756 885 2800 s
909 2754 1007 2816 sopra
1030 2733 1255 2799 demonstrari.

224 2841 370 2922 Denique
399 2843 511 2906 deerat
538 2841 569 2905 in
597 2842 773 2924 archetypo
804 2847 901 2924 caput
922 2843 1033 2907 XXX
1064 2843 1103 2906 de
1127 2840 1232 2904 maltis
1256 2840 1300 2904 di-

134 2949 249 3029 rersis,
282 2950 364 3028 qnod
393 2953 556 3013 testantur
584 2951 690 3015 rods
718 2957 751 3014 et
774 2948 887 3031 fragm.
912 2950 1051 3024 Virrdolr3
1080 2948 1221 3013 additum
1252 2953 1301 3011 est

135 3074 211 3138 ergo
247 3055 422 3137 posteriore
455 3063 564 3121 aetate
599 3057 630 3121 iu
662 3057 767 3122 codice
796 3076 841 3136 eo,
872 3076 911 3121 ex
935 3076 996 3136 quo
1020 3056 1179 3121 firrxerunt
1202 3074 1298 3135 rpg,

134 3182 236 3242 neque
261 3181 345 3242 rem,
371 3168 407 3226 ut
432 3162 568 3240 videtur,
592 3167 633 3230 ab
657 3167 766 3230 eodem
790 3164 844 3245 qui
866 3161 1049 3246 compilarit
1068 3163 1099 3228 iu
1116 3163 1177 3227 isto
1194 3161 1299 3225 codice

135 3275 232 3350 caput
255 3270 306 3346 X;
332 3270 411 3334 adeo
440 3270 567 3335 diuersa
591 3277 641 3336 est
664 3272 809 3337 latinitas
832 3271 924 3340 huius
948 3275 1045 3353 atque
1067 3270 1150 3334 illius
1174 3267 1299 3350 capitis.

133 3377 302 3441 Postremo
333 3376 360 3440 si
388 3376 547 3441 addideris
578 3378 666 3458 illud,
696 3381 777 3459 quod
806 3379 873 3461 ipse
902 3381 1105 3460 archetypus,
1132 3376 1180 3441 uti
1203 3381 1300 3440 antea

134 3482 284 3562 vidimus,
320 3501 416 3562 passa
452 3490 502 3546 est
536 3502 661 3549 manum
691 3486 967 3566 interpolatoriam
991 3486 1042 3550 rel
1066 3482 1298 3566 glossatoriam,

133 3589 174 3654 ad
205 3589 297 3654 finem
326 3590 474 3672 peruenit
502 3591 646 3670 quaestio
674 3593 714 3656 de
742 3599 831 3657 statu
858 3612 897 3657 ae
921 3591 1102 3658 condicione
1126 3590 1193 3655 eius
1217 3589 1298 3671 libri,

134 3715 175 3759 ex
200 3716 260 3776 quo
285 3696 472 3779 prodierunt
496 3698 594 3762 nostri
620 3699 743 3763 codices
765 3717 883 3764 omnes

222 3803 302 3867 Eius
330 3808 438 3868 autem
465 3805 633 3888 archetypi
661 3805 813 3871 lectiones
838 3806 983 3888 quoniam
1008 3806 1126 3871 malore
1149 3804 1210 3869 fide
1234 3823 1298 3869 ser·

133 3911 225 3975 ravit
248 3912 315 3975 cod.
340 3931 365 3991 s,
395 3911 490 3976 valde
518 3912 684 3978 dolendum
713 3919 763 3977 est.
790 3933 853 3977 non
879 3918 982 3978 totum
1005 3912 1220 3979 Ferentinum
1245 3931 1298 3976 ex·

133 4017 234 4081 hiberi
257 4017 311 4080 illo
335 4017 452 4083 codice.
499 4020 563 4085 Sed
586 4019 733 4099 quoniam
756 4020 788 4084 id
817 4022 900 4102 quod
923 4021 1073 4103 proposui
1102 4019 1235 4099 absolvi,
1263 4022 1299 4081 ut

132 4123 239 4205 priora
262 4124 356 4189 XIII
380 4125 487 4206 capita
511 4145 570 4207 ope
594 4127 667 4191 novi
691 4126 807 4191 codicis
831 4129 1000 4192 emendata
1022 4128 1054 4192 in
1075 4126 1211 4191 medium
1227 4144 1297 4205 pro-

132 4229 260 4310 ferrem,
296 4230 360 4295 alia
395 4250 476 4312 quae
504 4232 666 4313 pertinent
693 4234 734 4297 ad
759 4236 954 4304 recensenda
978 4234 1101 4319 reliqua
1123 4230 1299 4301 Ferentini

133 4337 241 4424 capita
264 4337 296 4400 iu
320 4338 406 4410 alind
429 4342 553 4426 tempus
577 4337 698 4409 differo,
725 4407 728 4410 ,
